@ARTICLE {Eigen1971,
    author    = "Eigen, M",
    title     = "Selforganization of matter and the evolution of biological macromolecules",
    journal   = "Naturwissenschaften",
    year      = "1971",
    volume    = "58",
    number    = "10",
    pages     = "465--523",
    publisher = "Springer"
}
@ARTICLE {Knuth1968,
    author    = "Knuth, D.E.",
    title     = "Semantics of Context-free Languages",
    journal   = "Mathematical Systems Theory",
    year      = "1968",
    volume    = "2",
    number    = "2",
    pages     = "127--145",
    publisher = "Springer"
}

@article{Hilbert01042011,
author = {Hilbert, Martin and López, Priscila}, 
title = {The World’s Technological Capacity to Store, Communicate, and Compute Information},
volume = {332}, 
number = {6025}, 
pages = {60-65}, 
year = {2011}, 
doi = {10.1126/science.1200970}, 
journal = {Science} 
}


@article{ca37f828023c4aa290d8c6f9f809cab2,
title = "Adaptive local dissimilarity measures for discriminative dimension reduction of labeled data",
author = "Kerstin Bunte and Barbara Hammer and Axel Wismueller and Michael Biehl",
year = "2010",
month = "3",
doi = "10.1016/j.neucom.2009.11.017",
volume = "73",
pages = "1074--1092",
journal = "Neurocomputing",
issn = "0925-2312",
number = "7-9",
}

@online{docker2,
  author = {CloudAve},
  title = {OSCON: Conversations, Deployments, Architecture, Docker and the Future?},
  year = 2013,
  month = 7,
  url = {https://www.cloudave.com/30655/oscon-conversations-deployments-architecture-docker-and-the-future/}
}

@online{docker1,
  author = {Iron.io},
  url = {http://blog.iron.io/2014/04/how-docker-helped-us-achieve-near.html},
  year = 2014,
  month = 4,
  title = {How Docker Helped Us Achieve the (Near) Impossible}
}


@inproceedings{Vavilapalli:2013:AHY:2523616.2523633,
 author = {Vavilapalli, Vinod Kumar and Murthy, Arun C. and Douglas, Chris and Agarwal, Sharad and Konar, Mahadev and Evans, Robert and Graves, Thomas and Lowe, Jason and Shah, Hitesh and Seth, Siddharth and Saha, Bikas and Curino, Carlo and O'Malley, Owen and Radia, Sanjay and Reed, Benjamin and Baldeschwieler, Eric},
 title = {Apache Hadoop YARN: Yet Another Resource Negotiator},
 booktitle = {Proceedings of the 4th Annual Symposium on Cloud Computing},
 series = {SOCC '13},
 year = {2013},
 isbn = {978-1-4503-2428-1},
 location = {Santa Clara, California},
 pages = {5:1--5:16},
 articleno = {5},
 numpages = {16},
 doi = {10.1145/2523616.2523633},
 acmid = {2523633},
 publisher = {ACM},
 address = {New York, NY, USA},
} 

@INPROCEEDINGS{5452045, 
author={Shafer, J. and Rixner, S. and Cox, A.L.}, 
booktitle={Performance Analysis of Systems Software (ISPASS), 2010 IEEE International Symposium on}, 
title={The Hadoop distributed filesystem: Balancing portability and performance}, 
year={2010}, 
month={March}, 
pages={122-133}, 
keywords={Java;public domain software;scheduling;software portability;storage management;very large databases;Hadoop distributed file system;Java;MapReduce task scheduling;distributed user-level file system;large dataset analysis;portability balancing;software platforms;storage resource management;Application software;Data analysis;Databases;Delay;Hardware;Java;Open source software;Performance analysis;Processor scheduling;Resource management}, 
doi={10.1109/ISPASS.2010.5452045}
}

@ARTICLE {Silva:2013:DSC:2522968.2522981,
    author     = "Silva, J.A. and Faria, E.R. and Barros, R.C. and Hruschka, E.R. and De Carvalho, A.C.P.L.F. and Gama, J",
    title      = "Data Stream Clustering: A Survey",
    journal    = "ACM Comput. Surv.",
    year       = "2013",
    volume     = "46",
    number     = "1",
    pages      = "13:1--13:31",
    month      = "jul",
    issue_date = "October 2013",
    issn       = "0360-0300",
    articleno  = "13",
    numpages   = "31",
    acmid      = "2522981",
    publisher  = "ACM",
    address    = "New York, NY, USA",
    keywords   = "Data stream clustering, online clustering"
}


@techreport{citeulike:5467879,
  added-at = {2006-07-16T10:28:56.000+0200},
  author = {Fodor, I K},
  institution = {Lawrence Livermore National Lab., CA (US)},
  timestamp = {2006-07-16T10:28:56.000+0200},
  title = {A Survey of Dimension Reduction Techniques},
  year = 2002
}


@INPROCEEDINGS{991693, 
    author={Spence, C. and Parra, L. and Sajda, P.}, 
    booktitle={Mathematical Methods in Biomedical Image Analysis, 2001. MMBIA 2001. IEEE Workshop on}, 
    title={Detection, synthesis and compression in mammographic image analysis with a hierarchical image probability model}, 
    year={2001}, 
    month={}, 
    pages={3-10}, 
    doi={10.1109/MMBIA.2001.991693}
}

@book{9783540262565,
  Author = {},
  Title = {Intelligent Data Mining: Techniques and Applications (Studies in Computational Intelligence)},
  Publisher = {Springer},
  Year = {2005},
  ISBN = {3540262563}
}



@article{clouddef,
year={2013},
journal={International Journal of Computer Trends and Technology},
volume={9},
issue={4},
title={Survey on Cloud Computing},
author={Sathyavani, S. and Senthilkumar, T.P. and Phul, M.}
}


@BOOK {9780201575941,
    author    = "Foster I.",
    title     = "Designing and Building Parallel Programs: Concepts and Tools for Parallel Software Engineering",
    publisher = "Addison-Wesley",
    year      = "1995",
    isbn      = "0201575949"
}
@INCOLLECTION {trellisbased,
    author    = "Malinowski, S. and Morla, R.",
    title     = "A Single Pass Trellis-Based Algorithm for Clustering Evolving Data Streams",
    booktitle = "Data Warehousing and Knowledge Discovery",
    publisher = "Springer Berlin Heidelberg",
    year      = "2012",
    editor    = "Cuzzocrea, Alfredo and Dayal, Umeshwar",
    volume    = "7448",
    series    = "Lecture Notes in Computer Science",
    pages     = "315-326",
    isbn      = "9783642325830",
    language  = "English"
}
@INPROCEEDINGS {Cao06density-basedclustering,
    author    = "Cao, F. and Ester, M. and Qian, W, and Zhou, A.",
    title     = "Density-based clustering over an evolving data stream with noise",
    booktitle = "In 2006 SIAM Conference on Data Mining",
    year      = "2006",
    pages     = "328--339"
}
@INCOLLECTION {Density-basedClusteringAlgorithm,
    author    = "Amini, A. and Wah, T.",
    title     = "A Comparative Study of Density-based Clustering Algorithms on Data Streams: Micro-clustering Approaches",
    booktitle = "Intelligent Control and Innovative Computing",
    publisher = "Springer US",
    year      = "2012",
    editor    = "Ao, Sio Iong and Castillo, Oscar and Huang, Xu",
    volume    = "110",
    series    = "Lecture Notes in Electrical Engineering",
    pages     = "275--287",
    isbn      = "9781461416944",
    language  = "English"
}
@ARTICLE {datamining,
    author    = "Forestiero, A. and Pizzuti, C. and Spezzano, G.",
    title     = "A single pass algorithm for clustering evolving data streams based on swarm intelligence",
    journal   = "Data Mining and Knowledge Discovery",
    year      = "2013",
    volume    = "26",
    number    = "1",
    pages     = "1--26",
    publisher = "Springer US",
    language  = "English"
}
@ARTICLE {leaden,
    author  = "Amineh, A. and Teh Ying, W.",
    title   = "LeaDen-Stream: A Leader Density-Based Clustering Algorithm over Evolving Data Stream",
    journal = "Computer Science and Communications",
    year    = "2013",
    volume  = "1",
    number  = "5",
    pages   = "26--31"
}
@ARTICLE {clustree,
    author    = "Kranen, P. and Assent, I. and Baldauf, C. and Seidl, T.",
    title     = "The ClusTree: indexing micro-clusters for anytime stream mining",
    journal   = "Knowledge and Information Systems",
    year      = "2011",
    volume    = "29",
    number    = "2",
    pages     = "249--272",
    issn      = "0219-1377",
    publisher = "Springer-Verlag",
    language  = "English"
}

@incollection{Fayyad:1996:DMK:257938.257942,
 author = {Fayyad, Usama M. and Piatetsky-Shapiro, Gregory and Smyth, Padhraic},
 chapter = {From Data Mining to Knowledge Discovery: An Overview},
 title = {Advances in Knowledge Discovery and Data Mining},
 editor = {Fayyad, Usama M. and Piatetsky-Shapiro, Gregory and Smyth, Padhraic and Uthurusamy, Ramasamy},
 year = {1996},
 isbn = {0-262-56097-6},
 pages = {1--34},
 numpages = {34},
 acmid = {257942},
 publisher = {American Association for Artificial Intelligence},
 address = {Menlo Park, CA, USA},
} 

@ARTICLE {sathyavani,
    title   = "Survey on Cloud Computing",
    journal = "International Journal of Computer Trends and Technology",
    year    = "2013",
    volume  = "4",
    number  = "9",
    month   = "9"
}
@INPROCEEDINGS {Ongaro:2014:SUC:2643634.2643666,
    author    = "Ongaro, D. and Ousterhout, J.",
    title     = "In Search of an Understandable Consensus Algorithm",
    booktitle = "Proceedings of the 2014 USENIX Conference on USENIX Annual Technical Conference",
    year      = "2014",
    series    = "USENIX ATC'14",
    pages     = "305--320",
    address   = "Berkeley, CA, USA",
    publisher = "USENIX Association",
    isbn      = "9781931971102",
    location  = "Philadelphia, PA",
    numpages  = "16",
    acmid     = "2643666"
}
@INPROCEEDINGS {Hunt:2010,
    author    = "Hunt, P. and Konar, M. and Junqueira, F.P. and Reed, B.",
    title     = "ZooKeeper: wait-free coordination for Internet-scale systems",
    booktitle = "Proc. ATC'10, USENIX Annual Technical Conference",
    year      = "2010",
    pages     = "145--158",
    publisher = "USENIX",
    location  = "Boston, MA",
    numpages  = "1",
    acmid     = "1855851"
}

@inproceedings{Fujimaki:2005:ASA:1081870.1081917,
 author = {Fujimaki, Ryohei and Yairi, Takehisa and Machida, Kazuo},
 title = {An Approach to Spacecraft Anomaly Detection Problem Using Kernel Feature Space},
 booktitle = {Proceedings of the Eleventh ACM SIGKDD International Conference on Knowledge Discovery in Data Mining},
 series = {KDD '05},
 year = {2005},
 isbn = {1-59593-135-X},
 location = {Chicago, Illinois, USA},
 pages = {401--410},
 numpages = {10},
  doi = {10.1145/1081870.1081917},
 acmid = {1081917},
 publisher = {ACM},
 address = {New York, NY, USA},
 keywords = {anomaly detection, kernel feature space, principal component analysis, spacecraft, time series data, von Mises Fisher distribution},
} 

@inproceedings {180145,
author = {Nikolas Roman Herbst and Samuel Kounev and Ralf Reussner},
title = {Elasticity in Cloud Computing: What It Is, and What It Is Not},
booktitle = {Proceedings of the 10th International Conference on Autonomic Computing (ICAC 13)},
year = {2013},
isbn = {978-1-931971-02-7},
address = {San Jose, CA},
pages = {23--27},
publisher = {USENIX},
}


@book{9780470887998,
  Author = {Buyya, R. and Broberg, J. and Goscinski, A.},
  Title = {Cloud Computing: Principles and Paradigms},
  Publisher = {Wiley},
  Year = {2011},
  ISBN = {0470887990}
}

@INPROCEEDINGS{618940, 
author={Aleskerov, E. and Freisleben, B. and Rao, B.}, 
booktitle={Computational Intelligence for Financial Engineering (CIFEr), 1997., Proceedings of the IEEE/IAFE 1997}, 
title={CARDWATCH: a neural network based database mining system for credit card fraud detection}, 
year={1997}, 
month={Mar}, 
pages={220-226}, 
keywords={credit transactions;data handling;database management systems;financial data processing;fraud;graphical user interfaces;learning systems;neural nets;CARDWATCH;autoassociative neural network model;credit card fraud detection;database interface;fraud detection rates;graphical user interface;neural network based database mining system;neural network learning module;synthetically generated credit card data;Adaptive signal detection;Credit cards;Data mining;Databases;Economic forecasting;Electronic mail;Machine learning;Neural networks;Performance analysis;Planning}, 
doi={10.1109/CIFER.1997.618940}
}

@incollection{Zhang2009,
  doi = {10.1007/978-3-642-01307-2_84},
  year  = {2009},
  publisher = {Springer Science and Business Media},
  pages = {813--822},
  author = {Ke Zhang and Marcus Hutter and Huidong Jin},
  title = {A New Local Distance-Based Outlier Detection Approach for Scattered Real-World Data},
  booktitle = {Lecture Notes in Computer Science}
}

@ARTICLE {Zhang:1996:BED:235968.233324,
    author     = "Zhang, T. and Ramakrishnan, R. and Livny, M.",
    title      = "BIRCH: An Efficient Data Clustering Method for Very Large Databases",
    journal    = "SIGMOD Rec.",
    year       = "1996",
    volume     = "25",
    number     = "2",
    pages      = "103--114",
    month      = "jun",
    issue_date = "June 1996",
    issn       = "0163-5808",
    numpages   = "12",
    acmid      = "233324",
    publisher  = "ACM",
    address    = "New York, NY, USA"
}
@INPROCEEDINGS {Zhang:1996:BED:233269.233324,
    author    = "Zhang, T. and Ramakrishnan, R. and Livny, M.",
    title     = "BIRCH: An Efficient Data Clustering Method for Very Large Databases",
    booktitle = "Proceedings of the 1996 ACM SIGMOD International Conference on Management of Data",
    year      = "1996",
    series    = "SIGMOD '96",
    pages     = "103--114",
    address   = "New York, NY, USA",
    publisher = "ACM",
    isbn      = "0897917944",
    location  = "Montreal, Quebec, Canada",
    numpages  = "12",
    acmid     = "233324"
}
@BOOK {aggarwal2007data,
    author    = "Aggarwal, C.",
    title     = "Data streams models and algorithms",
    publisher = "Springer",
    year      = "2007",
    address   = "New York",
    isbn      = "9780387287591"
}

@ARTICLE{1347303, 
author={Dongsong Zhang and Lina Zhou}, 
journal={Systems, Man, and Cybernetics, Part C: Applications and Reviews, IEEE Transactions on}, 
title={Discovering golden nuggets: data mining in financial application}, 
year={2004}, 
month={Nov}, 
volume={34}, 
number={4}, 
pages={513-522}, 
keywords={data mining;data visualisation;decision trees;financial data processing;foreign exchange trading;fraud;genetic algorithms;inference mechanisms;investment;neural nets;pattern classification;statistical analysis;data mining;financial application;financial market data;genetic algorithm;investment decision-making;neural network;rule induction;statistical inference;strategic planning;Data mining;Databases;Decision making;Delay;Economic forecasting;Globalization;Information technology;Investments;Predictive models;Strategic planning}, 
doi={10.1109/TSMCC.2004.829279}, 
ISSN={1094-6977}
}

@INPROCEEDINGS{6416666, 
author={Thakran, Y. and Toshniwal, D.}, 
booktitle={Intelligent Systems Design and Applications (ISDA), 2012 12th International Conference on}, 
title={Unsupervised outlier detection in streaming data using weighted clustering}, 
year={2012}, 
month={Nov}, 
pages={947-952}, 
keywords={data handling;pattern clustering;unsupervised learning;credit card fraud detection;data streaming;medical data;network intrusion detection;noisy attributes;stock market analysis;unsupervised data mining;unsupervised outlier detection;weighted clustering;Clustering algorithms;Clustering methods;Data mining;Equations;Intelligent systems;Mathematical model;Noise measurement;Concept Evolution;Irrelevant Attributes;Streaming Data;Unsupervised Outlier Detection}, 
doi={10.1109/ISDA.2012.6416666}, 
ISSN={2164-7143}
}

@ARTICLE {Chandola:2009:ADS:1541880.1541882,
    author     = "Chandola, V. and Banerjee, A. and Kumar, V.",
    title      = "Anomaly Detection: A Survey",
    journal    = "ACM Comput. Surv.",
    year       = "2009",
    volume     = "41",
    number     = "3",
    pages      = "15:1--15:58",
    month      = "jul",
    issue_date = "July 2009",
    issn       = "0360-0300",
    articleno  = "15",
    numpages   = "58",
    publisher  = "ACM",
    address    = "New York, NY, USA",
    keywords   = "Anomaly detection, outlier detection"
}


@article{spectralclustering,
    year={2007},
    issn={0960-3174},
    journal={Statistics and Computing},
    volume={17},
    number={4},
    doi={10.1007/s11222-007-9033-z},
    title={A tutorial on spectral clustering},
    publisher={Springer US},
    keywords={Spectral clustering; Graph Laplacian},
    author={von Luxburg, Ulrike},
    pages={395-416},
    language={English}
}

@INPROCEEDINGS{Hinneburg98anefficient,
    author = {Alexander Hinneburg and Er Hinneburg and Daniel A. Keim},
    title = {An Efficient Approach to Clustering in Large Multimedia Databases with Noise},
    booktitle = {},
    year = {1998},
    pages = {58--65},
    publisher = {AAAI Press}
}

@MISC {streamingkmeans,
    author = "Ailon, N. and Jaiswal, R. and Monteleoni, C.",
    title  = "Streaming k-means approximation",
    year   = "2007"
}
@INPROCEEDINGS {kmeanspp,
    author    = "Arthur, D. and Vassilvitskii, S.",
    title     = "K-means++: the advantages of careful seeding",
    booktitle = "In Proceedings of the 18th Annual ACM-SIAM Symposium on Discrete Algorithms",
    year      = "2007"
}
@ARTICLE {PhilipChen2014314,
    author  = "Philip Chen, C.L. and Zhang, C.Y.",
    title   = "Data-intensive applications, challenges, techniques and technologies: A survey on Big Data",
    journal = "Information Sciences ",
    year    = "2014",
    volume  = "275",
    number  = "0",
    pages   = "314--347",
    issn    = "0020-0255"
}
@ARTICLE {6594757,
    author  = "Leavitt, N.",
    title   = "Storage Challenge: Where Will All That Big Data Go?",
    journal = "Computer",
    year    = "2013",
    volume  = "46",
    number  = "9",
    pages   = "22--25",
    month   = "September",
    issn    = "0018-9162"
}
@ARTICLE {zab,
    author    = "Junqueira, F.P. and Reed, B.C. and Serafini, M.",
    title     = "Zab: High-performance broadcast for primary-backup systems",
    journal   = "2013 43rd Annual IEEE/IFIP International Conference on Dependable Systems and Networks (DSN)",
    year      = "2011",
    volume    = "0",
    pages     = "245--256",
    isbn      = "9781424492329",
    publisher = "IEEE Computer Society",
    address   = "Los Alamitos, CA, USA"
}

@ARTICLE {Vaquero:2008:BCT:1496091.1496100,
    author     = "Vaquero, Luis M. and Rodero-Merino, Luis and Caceres, Juan and Lindner, Maik",
    title      = "A Break in the Clouds: Towards a Cloud Definition",
    journal    = "SIGCOMM Comput. Commun. Rev.",
    year       = "2008",
    volume     = "39",
    number     = "1",
    pages      = "50--55",
    month      = "dec",
    issue_date = "January 2009",
    issn       = "0146-4833",
    numpages   = "6",
    acmid      = "1496100",
    publisher  = "ACM",
    address    = "New York, NY, USA"
}
@INPROCEEDINGS {testingdays,
    author    = "Nizamic, F. and Groenboom, R and Lazovik, A",
    title     = "Testing for Highly Distributed Service-oriented Systems using Virtual Environments",
    booktitle = "Proceedings of 17th Dutch Testing Day",
    year      = "2001"
}

@inproceedings{Zhang:1996:BED:233269.233324,
 author = {Zhang, Tian and Ramakrishnan, Raghu and Livny, Miron},
 title = {BIRCH: An Efficient Data Clustering Method for Very Large Databases},
 booktitle = {Proceedings of the 1996 ACM SIGMOD International Conference on Management of Data},
 series = {SIGMOD '96},
 year = {1996},
 isbn = {0-89791-794-4},
 location = {Montreal, Quebec, Canada},
 pages = {103--114},
 numpages = {12},
 doi = {10.1145/233269.233324},
 acmid = {233324},
 publisher = {ACM},
 address = {New York, NY, USA},
} 
@article{Zhang:1996:BED:235968.233324,
 author = {Zhang, Tian and Ramakrishnan, Raghu and Livny, Miron},
 title = {BIRCH: An Efficient Data Clustering Method for Very Large Databases},
 journal = {SIGMOD Rec.},
 issue_date = {June 1996},
 volume = {25},
 number = {2},
 month = jun,
 year = {1996},
 issn = {0163-5808},
 pages = {103--114},
 numpages = {12},
 doi = {10.1145/235968.233324},
 acmid = {233324},
 publisher = {ACM},
 address = {New York, NY, USA},
}

@incollection{pkmeans,
year={2009},
isbn={978-3-642-10664-4},
booktitle={Cloud Computing},
volume={5931},
series={Lecture Notes in Computer Science},
editor={Jaatun, MartinGilje and Zhao, Gansen and Rong, Chunming},
doi={10.1007/978-3-642-10665-1_71},
title={Parallel K-Means Clustering Based on MapReduce},
publisher={Springer Berlin Heidelberg},
keywords={Data mining; Parallel clustering; K-means; Hadoop; MapReduce},
author={Zhao, Weizhong and Ma, Huifang and He, Qing},
pages={674-679},
language={English}
}



@ARTICLE {zhang:cloud,
    author               = "Zhang, Q. and Cheng, L. and Boutaba, R.",
    title                = "Cloud computing: state-of-the-art and research challenges",
    journal              = "Journal of Internet Services and Applications",
    year                 = "2010",
    volume               = "1",
    number               = "1",
    pages                = "7--18",
    month                = "4",
    booktitle            = "Journal of Internet Services and Applications",
    citeulike-article-id = "7234214",
    issn                 = "1867-4828",
    publisher            = "Springer-Verlag"
}
@ARTICLE {bigdatawhy,
    author  = "Villars, R.L. and Olofson, C.W. and Eastwood, M.",
    title   = "Big data: what it is and why you should care",
    journal = "White Paper",
    year    = "2011",
    month   = "jun"
}
@ARTICLE {Hashem201598,
    author  = "Hashem, I.A.T. and Yaqoob, I. and Anuar, N.B. and Mokhtar, S. and Gani, A. and Khan, S.U.",
    title   = "The rise of “big data” on cloud computing: Review and open research issues",
    journal = "Information Systems",
    year    = "2015",
    volume  = "47",
    pages   = "98--115",
    issn    = "0306-4379"
}
@INPROCEEDINGS {6479953,
    author    = "Kaisler, S. and Armour, F. and Espinosa, J.A. and Money, W.",
    title     = "Big Data: Issues and Challenges Moving Forward",
    booktitle = "System Sciences (HICSS), 2013 46th Hawaii International Conference on",
    year      = "2013",
    pages     = "995--1004",
    month     = "1",
    issn      = "1530-1605"
}
@ARTICLE {bigdata,
    author  = "Snijders, C. and Matzat, U. and Reips, U.D.",
    title   = "Big Data: Big Gaps of Knowledge in the Field of Internet Science",
    journal = "International Journal of Internet Science",
    year    = "2012",
    volume  = "1",
    issue   = "7"
}
@BOOK {holler2014from,
    author    = "Holler, J.",
    title     = "From machine-to-machine to the internet of things introduction to a new age of intelligence",
    publisher = "Academic Press",
    year      = "2014",
    address   = "Amsterdam",
    isbn      = "9780124076846"
}

@INPROCEEDINGS{4228359, 
author={Michael, M. and Moreira, J.E. and Shiloach, D. and Wisniewski, R.W.}, 
booktitle={Parallel and Distributed Processing Symposium, 2007. IPDPS 2007. IEEE International}, 
title={Scale-up x Scale-out: A Case Study using Nutch/Lucene}, 
year={2007}, 
month={March}, 
pages={1-8}, 
doi={10.1109/IPDPS.2007.370631}
}



@article{Barnes1986,
  doi = {10.1038/324446a0},
  url = {http://dx.doi.org/10.1038/324446a0},
  year  = {1986},
  month = {dec},
  publisher = {Nature Publishing Group},
  volume = {324},
  number = {6096},
  pages = {446--449},
  author = {Josh Barnes and Piet Hut},
  title = {A hierarchical O(N log N) force-calculation algorithm},
  journal = {Nature}
}

@article{Dubinski1996132,
title = "A parallel tree code ",
journal = "New Astronomy ",
volume = "1",
number = "2",
pages = "133 - 147",
year = "1996",
note = "",
issn = "1384-1076",
doi = "http://dx.doi.org/10.1016/S1384-1076(96)00009-7",
url = "http://www.sciencedirect.com/science/article/pii/S1384107696000097",
author = "John Dubinski"
}


@Book{barnett1994outliers,
 author = {Barnett, V. and Lewis, T.},
  Title = {Outliers in Statistical Data},
 publisher = {Wiley},
 year = {1994},
 address = {Chichester New York},
 isbn = {9780471930945}
 }
 
 @book{9783540262565,
  Author = {},
  Title = {Intelligent Data Mining: Techniques and Applications (Studies in Computational Intelligence)},
  Publisher = {Springer},
  Year = {2005},
  ISBN = {3540262563}
}
 
 @phdthesis{outlierselection,
 author = {Janssens, Jeroen},
 title = {Outlier Selection and One-Class Classification},
 year = {2013},
 month = {june}
 school = {Tilburg University}
 }

@article{Grubbs1969,
  doi = {10.1080/00401706.1969.10490657},
  year  = {1969},
  month = {feb},
  publisher = {Informa {UK} Limited},
  volume = {11},
  number = {1},
  pages = {1--21},
  author = {Frank E. Grubbs},
  title = {Procedures for Detecting Outlying Observations in Samples},
  journal = {Technometrics}
}

@article{Enderlein1987,
  doi = {10.1002/bimj.4710290215},
  year  = {1987},
  publisher = {Wiley-Blackwell},
  volume = {29},
  number = {2},
  pages = {198--198},
  author = {G. Enderlein},
  title = {Hawkins,  D. M.: Identification of Outliers. Chapman and Hall,  London {\textendash} New York 1980,  188 S.,  {\textsterling} 14,  50},
  journal = {Biometrical Journal}
}

@ARTICLE {Fayyad96fromdata,
    author  = "Fayyad, U. and Piatetsky-shapiro, G. and Smyth, P.",
    title   = "From Data Mining to Knowledge Discovery in Databases",
    journal = "AI Magazine",
    year    = "1996",
    volume  = "17",
    pages   = "37--54"
}
@ARTICLE {Jacobs:2009:PBD:1536616.1536632,
    author     = "Jacobs, A.",
    title      = "The Pathologies of Big Data",
    journal    = "Commun. ACM",
    year       = "2009",
    volume     = "52",
    number     = "8",
    pages      = "36--44",
    month      = "8",
    issue_date = "August 2009",
    issn       = "0001-0782",
    numpages   = "9",
    acmid      = "1536632",
    publisher  = "ACM",
    address    = "New York, NY, USA"
}
@INPROCEEDINGS {Malewicz:2010:PSL:1807167.1807184,
    author    = "Malewicz, G. and Austern, M.H. and Bik, A.J.C and Dehnert, J.C. and Horn, I. and Leiser, N. and Czajkowski, G.",
    title     = "Pregel: A System for Large-scale Graph Processing",
    booktitle = "Proceedings of the 2010 ACM SIGMOD International Conference on Management of Data",
    year      = "2010",
    series    = "SIGMOD '10",
    pages     = "135--146",
    address   = "New York, NY, USA",
    publisher = "ACM",
    isbn      = "9781450300322",
    location  = "Indianapolis, Indiana, USA",
    numpages  = "12",
    acmid     = "1807184"
}

@book{9780262018258,
  Author = {Mehryar Mohri and Afshin Rostamizadeh and Ameet Talwalkar},
  Title = {Foundations of Machine Learning (Adaptive Computation and Machine Learning series)},
  Publisher = {The MIT Press},
  Year = {2012},
  ISBN = {026201825X}
}


@online{HadoopMapYahoo,
  author = {Yahoo! Developer Network},
  title = {Yahoo! Launches World’s Largest Hadoop Production Application},
  year = 2008,
  month = 2,
  url = {https://developer.yahoo.com/blogs/hadoop/yahoo-launches-world-largest-hadoop-production-application-398.html},
  urldate = {2008-02-19}
}


@online{microservice,
  author = {Lewis, J and Fowler, M},
  title = {Microservices},
  year = 2014,
  month = 3,
  url = {http://martinfowler.com/articles/microservices.html},
  urldate = {2015-03-25}
}

@book{Deza2009EncyclopediaofDistances,
  added-at = {2009-09-18T15:57:19.000+0200},
  author = {Deza, Michel Marie and Deza, Elena},
  doi = {10.1007/978-3-642-00234-2_1},
  publisher = {Springer Berlin Heidelberg},
  timestamp = {2009-09-18T15:57:19.000+0200},
  title = {Encyclopedia of Distances},
  year = 2009
}

@inproceedings{AISTATS09_Maaten, 
    Publisher = {Journal of Machine Learning Research - Proceedings Track}, 
    Title = {Learning a Parametric Embedding by Preserving Local Structure}, 
    Url = {http://jmlr.csail.mit.edu/proceedings/papers/v5/maaten09a/maaten09a.pdf}, 
    Booktitle = {Proceedings of the Twelfth International Conference on Artificial Intelligence and Statistics (AISTATS-09)}, 
    Author = {Laurens Maaten}, 
    Volume = {5}, 
    Editor = {David V. Dyk and Max Welling}, 
    Year = {2009}, 
    Pages = {384-391} 
   }
   
   @article{journals/bioinformatics/WallachL09,
  added-at = {2009-07-14T00:00:00.000+0200},
  author = {Wallach, Izhar and Lilien, Ryan H.},
  biburl = {http://www.bibsonomy.org/bibtex/2f6828dcd48c90cc79363f392f87bedc2/dblp},
  date = {2009-07-14},
  description = {dblp},
  journal = {Bioinformatics},
  keywords = {dblp},
  number = 5,
  pages = {615-620},
  timestamp = {2009-07-16T14:43:11.000+0200},
  title = {The protein-small-molecule database, a non-redundant structural resource for the analysis of protein-ligand binding.},
  volume = 25,
  year = 2009
}



@INPROCEEDINGS{Hamel+al:2010,
     author = {Hamel, Philippe and Eck, Douglas},
      month = aug,
      title = {Learning features from music audio with deep belief networks},
  booktitle = {Proceedings of the 11th {I}nternational {S}ociety for {M}usic {I}nformation {R}etrieval {C}onference ({ISMIR})},
       year = {2010},
      pages = {339--344},
   location = {Utrecht, The Netherlands}
}


@article {ictdbid:2777,
	title = {Visualizing High-Dimensional Data Using t-SNE},
	journal = {Journal of Machine Learning Research},
	volume = {9},
	year = {2008},
	pages = {2579-2605},
	attachments = {http://prlab.tudelft.nl/sites/default/files/vandermaaten08a.pdf},
	author = {Laurens van der Maaten and Geoffrey E. Hinton}
}

@Article{pmid19331680,
   Author="Vlasblom, J. and Wodak, S. J.",
   Title="{{M}arkov clustering versus affinity propagation for the partitioning of protein interaction graphs}",
   Journal="BMC Bioinformatics",
   Year="2009",
   Volume="10",
   Pages="99"
}

@article{10.1109/TKDE.2010.144,
author = {Renchu Guan and Xiaohu Shi and Maurizio Marchese and Chen Yang and Yanchun Liang},
title = {Text Clustering with Seeds Affinity Propagation},
journal ={IEEE Transactions on Knowledge and Data Engineering},
volume = {23},
number = {4},
issn = {1041-4347},
year = {2011},
pages = {627-637},
doi = {http://doi.ieeecomputersociety.org/10.1109/TKDE.2010.144},
publisher = {IEEE Computer Society},
address = {Los Alamitos, CA, USA},
}

@article{Frey2007,
  doi = {10.1126/science.1136800},
  year  = {2007},
  month = {feb},
  publisher = {American Association for the Advancement of Science ({AAAS})},
  volume = {315},
  number = {5814},
  pages = {972--976},
  author = {B. J. Frey and D. Dueck},
  title = {Clustering by Passing Messages Between Data Points},
  journal = {Science}
}


@inproceedings{Hindman:2011:MPF:1972457.1972488,
 author = {Hindman, Benjamin and Konwinski, Andy and Zaharia, Matei and Ghodsi, Ali and Joseph, Anthony D. and Katz, Randy and Shenker, Scott and Stoica, Ion},
 title = {Mesos: A Platform for Fine-grained Resource Sharing in the Data Center},
 booktitle = {Proceedings of the 8th USENIX Conference on Networked Systems Design and Implementation},
 series = {NSDI'11},
 year = {2011},
 location = {Boston, MA},
 pages = {295--308},
 numpages = {14},
 acmid = {1972488},
 publisher = {USENIX Association},
 address = {Berkeley, CA, USA},
} 

@book{0201619180,
  Author = {G Coulouris and Jean Dollimore and Tim Kindberg},
  Title = {Distributed Systems: Concepts and Design (3rd Edition)},
  Publisher = {Addison Wesley},
  Year = {2000},
  ISBN = {0201619180}
}

@online{linqdisc,
  author = {Microsoft Technet},
  title = {Announcing the Windows Azure HPC Scheduler and HPC Pack 2008 R2 Service Pack 3 releases},
  year = 2011,
  month = 11,
  url = {http://blogs.technet.com/b/windowshpc/archive/2011/11/11/hpc-pack-2008-r2-sp3-and-windows-azure-hpc-scheduler-released.aspx}
}

@article{citeulike:1667687,
    author = {Hamming, Rw},
    citeulike-article-id = {1667687},
    journal = {Bell System Technical Journal},
    keywords = {compbio, fresco},
    number = {2},
    pages = {147--160},
    posted-at = {2007-09-18 01:41:00},
    priority = {2},
    title = {{Error Detecting and Error Correcting Codes}},
    volume = {26},
    year = {1950}
}


@inproceedings {180560,
author = {Matei Zaharia and Mosharaf Chowdhury and Tathagata Das and Ankur Dave and Justin Ma and Murphy McCauly and Michael J. Franklin and Scott Shenker and Ion Stoica},
title = {Resilient Distributed Datasets: A Fault-Tolerant Abstraction for In-Memory Cluster Computing},
booktitle = {Presented as part of the 9th USENIX Symposium on Networked Systems Design and Implementation (NSDI 12)},
year = {2012},
isbn = {978-931971-92-8},
address = {San Jose, CA},
pages = {15--28},
publisher = {USENIX}
}

@article {SIGN:SIGN584,
author = {Hilbert, Martin},
title = {How much information is there in the “information society”?},
journal = {Significance},
volume = {9},
number = {4},
publisher = {Blackwell Publishing Ltd},
issn = {1740-9713},
doi = {10.1111/j.1740-9713.2012.00584.x},
pages = {8--12},
year = {2012},
}

@TECHREPORT{curriculum,
 author = {Chakrabarti, S. and Ester, M. and Fayyad, U. and Gehrke, J. and Han, J. and Morishita, S. and Piatersky-Shapiro, H. and Wang, W.},
 title = {Data Mining Curriculum: A Proposal},
 INSTITUTION = {KDD},
 month = 4,
 year = {2006}
}

@inproceedings{Zaharia:2011:DNO:2170444.2170461,
 author = {Zaharia, Matei and Hindman, Benjamin and Konwinski, Andy and Ghodsi, Ali and Joesph, Anthony D. and Katz, Randy and Shenker, Scott and Stoica, Ion},
 title = {The Datacenter Needs an Operating System},
 booktitle = {Proceedings of the 3rd USENIX Conference on Hot Topics in Cloud Computing},
 series = {HotCloud'11},
 year = {2011},
 location = {Portland, OR},
 pages = {17--17},
 numpages = {1},
 acmid = {2170461},
 publisher = {USENIX Association},
 address = {Berkeley, CA, USA},
} 


@article{Ghemawat:2003:GFS:1165389.945450,
 author = {Ghemawat, Sanjay and Gobioff, Howard and Leung, Shun-Tak},
 title = {The Google File System},
 journal = {SIGOPS Oper. Syst. Rev.},
 issue_date = {December 2003},
 volume = {37},
 number = {5},
 month = oct,
 year = {2003},
 issn = {0163-5980},
 pages = {29--43},
 numpages = {15},
 doi = {10.1145/1165389.945450},
 acmid = {945450},
 publisher = {ACM},
 address = {New York, NY, USA},
 keywords = {clustered storage, data storage, fault tolerance, scalability},
} 

@Inproceedings {export:63785,
address      = {Lisbon, Portugal},
author       = {Michael Isard and Mihai Budiu and Yuan Yu and Andrew Birrell and Dennis Fetterly},
booktitle    = {Proceedings of the 2007 Eurosys Conference},
month        = {March},
publisher    = {Association for Computing Machinery, Inc.},
title        = {Dryad: Distributed Data-parallel Programs from Sequential Building Blocks},
year         = {2007},
}

@Inproceedings {export:70861,
author       = {Yuan Yu and Michael Isard and Dennis Fetterly and Mihai Budiu and {\'U}lfar
                Erlingsson and Pradeep Kumar Gunda and Jon Currey},
booktitle    = {OSDI'08: Eighth Symposium on Operating System Design and Implementation},
month        = {December},
publisher    = {USENIX},
title        = {DryadLINQ: A System for General-Purpose Distributed Data-Parallel Computing Using
                a High-Level Language},
year         = {2008},
}

@ARTICLE{259423, 
author={Shin, K.G. and Ramanathan, P.}, 
journal={Proceedings of the IEEE}, 
title={Real-time computing: a new discipline of computer science and engineering}, 
year={1994}, 
month={Jan}, 
volume={82}, 
number={1}, 
pages={6-24}, 
keywords={computer architecture;fault tolerant computing;local area networks;multiprocessing systems;operating systems (computers);real-time systems;redundancy;reviews;scheduling;synchronisation;LAN;clock synchronisation;fault tolerance;real-time OS;real-time computing;redundancy management;scheduling;Application software;Automobiles;Computer displays;Computer science;Environmental economics;Humans;Processor scheduling;Real time systems;Resource management;Wheels}, 
doi={10.1109/5.259423}, 
ISSN={0018-9219}
}

@inproceedings{Bahmani:2011:FPP:1989323.1989425,
 author = {Bahmani, Bahman and Chakrabarti, Kaushik and Xin, Dong},
 title = {Fast Personalized PageRank on MapReduce},
 booktitle = {Proceedings of the 2011 ACM SIGMOD International Conference on Management of Data},
 series = {SIGMOD '11},
 year = {2011},
 isbn = {978-1-4503-0661-4},
 location = {Athens, Greece},
 pages = {973--984},
 numpages = {12},
 doi = {10.1145/1989323.1989425},
 acmid = {1989425},
 publisher = {ACM},
 address = {New York, NY, USA},
 keywords = {MapReduce, personalized pagerank},
} 

@ARTICLE {Dean:2008:MSD:1327452.1327492,
    author     = "Dean, Jeffrey and Ghemawat, Sanjay",
    title      = "MapReduce: Simplified Data Processing on Large Clusters",
    journal    = "Commun. ACM",
    year       = "2008",
    volume     = "51",
    number     = "1",
    pages      = "107--113",
    month      = "1",
    issue_date = "January 2008",
    issn       = "0001-0782",
    numpages   = "7",
    acmid      = "1327492",
    publisher  = "ACM",
    address    = "New York, NY, USA"
}





@INPROCEEDINGS {Ramaswamy:2000:EAM:342009.335437,
    author    = "Ramaswamy, S. and Rastogi, R. and Shim, K.",
    title     = "Efficient Algorithms for Mining Outliers from Large Data Sets",
    booktitle = "Proceedings of the 2000 ACM SIGMOD International Conference on Management of Data",
    year      = 2000,
    series    = "SIGMOD '00",
    pages     = "427--438",
    address   = "New York, NY, USA",
    publisher = "ACM",
    isbn      = "1581132174",
    location  = "Dallas, Texas, USA",
    numpages  = 12
}


@ARTICLE {Ramaswamy:2000:EAM:335191.335437,
    author    = "Ramaswamy, S. and Rastogi, R. and Shim, K.",
    title     = "Efficient Algorithms for Mining Outliers from Large Data Sets",
    journal   = "SIGMOD Rec.",
    year      = 2000,
    volume    = 29,
    number    = 2,
    pages     = "427--438",
    month     = "may",
    issn      = "0163-5808",
    numpages  = 12,
    acmid     = "335437",
    publisher = "ACM",
    address   = "New York, NY, USA"
}

@inproceedings{Xin:2013:SSR:2463676.2465288,
 author = {Xin, Reynold S. and Rosen, Josh and Zaharia, Matei and Franklin, Michael J. and Shenker, Scott and Stoica, Ion},
 title = {Shark: SQL and Rich Analytics at Scale},
 booktitle = {Proceedings of the 2013 ACM SIGMOD International Conference on Management of Data},
 series = {SIGMOD '13},
 year = {2013},
 isbn = {978-1-4503-2037-5},
 location = {New York, New York, USA},
 pages = {13--24},
 numpages = {12},
 doi = {10.1145/2463676.2465288},
 acmid = {2465288},
 publisher = {ACM},
 address = {New York, NY, USA},
} 

@inproceedings{Domingos:2000:MHD:347090.347107,
 author = {Domingos, Pedro and Hulten, Geoff},
 title = {Mining High-speed Data Streams},
 booktitle = {Proceedings of the Sixth ACM SIGKDD International Conference on Knowledge Discovery and Data Mining},
 series = {KDD '00},
 year = {2000},
 isbn = {1-58113-233-6},
 location = {Boston, Massachusetts, USA},
 pages = {71--80},
 numpages = {10},
 doi = {10.1145/347090.347107},
 acmid = {347107},
 publisher = {ACM},
 address = {New York, NY, USA},
 keywords = {Hoeffding bounds, decision trees, disk-based algorithms, incremental learning, subsampling},
} 

@ARTICLE {highdim,
    author     = "Scholkopf, B. and Platt, J.C. and Shawe-Taylor, J.C. and Smola, A.J. and Williamson, R.C.",
    title      = "Estimating the Support of a High-Dimensional Distribution",
    journal    = "Neural Computation",
    year       = "2001",
    volume     = "13",
    number     = "7",
    pages      = "1443--1471",
    month      = "jul",
    issue_date = "July 2001",
    issn       = "0899-7667",
    numpages   = "29",
    acmid      = "1119749",
    publisher  = "MIT Press",
    address    = "Cambridge, MA, USA"
}

@inproceedings{Zaharia:2010:SCC:1863103.1863113,
 author = {Zaharia, Matei and Chowdhury, Mosharaf and Franklin, Michael J. and Shenker, Scott and Stoica, Ion},
 title = {Spark: Cluster Computing with Working Sets},
 booktitle = {Proceedings of the 2Nd USENIX Conference on Hot Topics in Cloud Computing},
 series = {HotCloud'10},
 year = {2010},
 location = {Boston, MA},
 pages = {10--10},
 numpages = {1},
 acmid = {1863113},
 publisher = {USENIX Association},
 address = {Berkeley, CA, USA},
} 

@inproceedings{Bay:2003:MDO:956750.956758,
 author = {Bay, Stephen D. and Schwabacher, Mark},
 title = {Mining Distance-based Outliers in Near Linear Time with Randomization and a Simple Pruning Rule},
 booktitle = {Proceedings of the Ninth ACM SIGKDD International Conference on Knowledge Discovery and Data Mining},
 series = {KDD '03},
 year = {2003},
 isbn = {1-58113-737-0},
 location = {Washington, D.C.},
 pages = {29--38},
 numpages = {10},
 acmid = {956758},
 publisher = {ACM},
 address = {New York, NY, USA},
 keywords = {anomaly detection, diskbased algorithms, distance-based operations, outliers},
} 

@INPROCEEDINGS{1640284, 
    author={Azvine, B. and Cui, Z. and Nauck, D.D. and Majeed, B.}, 
    booktitle={E-Commerce Technology, 2006. The 8th IEEE International Conference on and Enterprise Computing, E-Commerce, and E-Services, The 3rd IEEE International Conference on}, 
    title={Real Time Business Intelligence for the Adaptive Enterprise}, 
    year={2006}, 
    month={June}, 
    pages={29-29}, 
    keywords={business data processing;competitive intelligence;data analysis;adaptive enterprise;business process management;data analysis;data integration;market trend;real-time business intelligence;Bismuth;Data analysis;Data mining;Data warehouses;Delay;Information analysis;Manuals;Performance analysis;Statistical analysis;Time measurement;business process management;data analysis;data integration;real-time business intelligence}, 
    doi={10.1109/CEC-EEE.2006.73}
}

@article{Kanhere2014,
  doi = {10.5120/19004-0502},
  year  = {2014},
  month = {dec},
  publisher = {Foundation of Computer Science},
  volume = {108},
  number = {17},
  pages = {23--25},
  author = {Pradnya Kanhere and H. K. Khanuja},
  title = {A Survey on Outlier Detection in Financial Transactions},
  journal = {International Journal of Computer Applications}
}

@incollection{ranking,
year={2006},
isbn={978-3-540-33206-0},
booktitle={Advances in Knowledge Discovery and Data Mining},
volume={3918},
series={Lecture Notes in Computer Science},
editor={Ng, Wee-Keong and Kitsuregawa, Masaru and Li, Jianzhong and Chang, Kuiyu},
doi={10.1007/11731139_68},
title={Ranking Outliers Using Symmetric Neighborhood Relationship},
publisher={Springer Berlin Heidelberg},
author={Jin, Wen and Tung, AnthonyK.H. and Han, Jiawei and Wang, Wei},
pages={577-593},
language={English}
}

@INPROCEEDINGS{Brodley96identifyingand,
    author = {Carla E. Brodley and Mark A. Friedl},
    title = {Identifying and Eliminating Mislabeled Training Instances},
    booktitle = {In AAAI/IAAI},
    year = {1996},
    pages = {799--805},
    publisher = {AAAI Press}
}

@article{Knorr:2000:DOA:764212.764218,
 author = {Knorr, Edwin M. and Ng, Raymond T. and Tucakov, Vladimir},
 title = {Distance-based Outliers: Algorithms and Applications},
 journal = {The VLDB Journal},
 issue_date = {February 2000},
 volume = {8},
 number = {3-4},
 month = feb,
 year = {2000},
 issn = {1066-8888},
 pages = {237--253},
 numpages = {17},
 doi = {10.1007/s007780050006},
 acmid = {764218},
 publisher = {Springer-Verlag New York, Inc.},
 address = {Secaucus, NJ, USA},
 keywords = {Algorithms, Data mining, Data mining applications, Outliers/exceptions},
} 

@inproceedings{Knorr:1999:FIK:645925.671529,
 author = {Knorr, Edwin M. and Ng, Raymond T.},
 title = {Finding Intensional Knowledge of Distance-Based Outliers},
 booktitle = {Proceedings of the 25th International Conference on Very Large Data Bases},
 series = {VLDB '99},
 year = {1999},
 isbn = {1-55860-615-7},
 pages = {211--222},
 numpages = {12},
 acmid = {671529},
 publisher = {Morgan Kaufmann Publishers Inc.},
 address = {San Francisco, CA, USA},
} 

@INPROCEEDINGS{Eskin02ageometric,
    author = {Eleazar Eskin and Andrew Arnold and Michael Prerau and Leonid Portnoy and Sal Stolfo},
    title = {A Geometric Framework for Unsupervised Anomaly Detection: Detecting Intrusions in Unlabeled Data},
    booktitle = {Applications of Data Mining in Computer Security},
    year = {2002},
    publisher = {Kluwer}
}

@article{Guttman:1984:RDI:971697.602266,
 author = {Guttman, Antonin},
 title = {R-trees: A Dynamic Index Structure for Spatial Searching},
 journal = {SIGMOD Rec.},
 issue_date = {June 1984},
 volume = {14},
 number = {2},
 month = jun,
 year = {1984},
 issn = {0163-5808},
 pages = {47--57},
 numpages = {11},
 doi = {10.1145/971697.602266},
 acmid = {602266},
 publisher = {ACM},
 address = {New York, NY, USA},
} 

@article{citeulike:12369622,
    author = {Marimont, R. B. and Shapiro, M. B.},
    day = {01},
    doi = {10.1093/imamat/24.1.59},
    issn = {1464-3634},
    journal = {IMA Journal of Applied Mathematics},
    month = aug,
    number = {1},
    pages = {59--70},
    posted-at = {2013-05-27 17:42:37},
    priority = {5},
    publisher = {Oxford University Press},
    title = {{Nearest Neighbour Searches and the Curse of Dimensionality}},
    volume = {24},
    year = {1979}
}


@inproceedings{Berchtold:1996:XIS:645922.673502,
 author = {Berchtold, Stefan and Keim, Daniel A. and Kriegel, Hans-Peter},
 title = {The X-tree: An Index Structure for High-Dimensional Data},
 booktitle = {Proceedings of the 22th International Conference on Very Large Data Bases},
 series = {VLDB '96},
 year = {1996},
 isbn = {1-55860-382-4},
 pages = {28--39},
 numpages = {12},
 acmid = {673502},
 publisher = {Morgan Kaufmann Publishers Inc.},
 address = {San Francisco, CA, USA},
} 

@article{Bentley:1975:MBS:361002.361007,
 author = {Bentley, Jon Louis},
 title = {Multidimensional Binary Search Trees Used for Associative Searching},
 journal = {Commun. ACM},
 issue_date = {Sept. 1975},
 volume = {18},
 number = {9},
 month = sep,
 year = {1975},
 issn = {0001-0782},
 pages = {509--517},
 doi = {10.1145/361002.361007},
 acmid = {361007},
 publisher = {ACM},
 address = {New York, NY, USA},
 keywords = {associative retrieval, attribute, binary search trees, binary tree insertion, information retrieval system, intersection queries, key, nearest neighbor queries, partial match queries},
} 


@article{Schubert:2014:LOD:2560809.2560914,
 author = {Schubert, Erich and Zimek, Arthur and Kriegel, Hans-Peter},
 title = {Local Outlier Detection Reconsidered: A Generalized View on Locality with Applications to Spatial, Video, and Network Outlier Detection},
 journal = {Data Min. Knowl. Discov.},
 issue_date = {January   2014},
 volume = {28},
 number = {1},
 month = jan,
 year = {2014},
 issn = {1384-5810},
 pages = {190--237},
 numpages = {48},
 doi = {10.1007/s10618-012-0300-z},
 acmid = {2560914},
 publisher = {Kluwer Academic Publishers},
 address = {Hingham, MA, USA}
} 


@incollection{fastoutlier,
year={2002},
isbn={978-3-540-44037-6},
booktitle={Principles of Data Mining and Knowledge Discovery},
volume={2431},
series={Lecture Notes in Computer Science},
editor={Elomaa, Tapio and Mannila, Heikki and Toivonen, Hannu},
title={Fast Outlier Detection in High Dimensional Spaces},
publisher={Springer Berlin Heidelberg},
author={Angiulli, Fabrizio and Pizzuti, Clara},
pages={15-27},
language={English}
}

@book{bacon2010novum,
  title={Novum Organum},
  translator={Translated and edited by Urbach P, Gibson J; 1994},
  author={{Sir Francis Bacon}},
  series={Mobi Classics},
  year={1620},
  publisher={Chicago, IL: Open Court Publishing}
}

@article{Billor2000279,
title = "BACON: blocked adaptive computationally efficient outlier nominators ",
journal = "Computational Statistics and Data Analysis ",
volume = "34",
number = "3",
pages = "279 - 298",
year = "2000",
note = "",
issn = "0167-9473",
doi = "http://dx.doi.org/10.1016/S0167-9473(99)00101-2",
author = "Nedret Billor and Ali S. Hadi and Paul F. Velleman"
}

@inproceedings{Hinneburg:2000:NNH:645926.671675,
 author = {Hinneburg, Alexander and Aggarwal, Charu C. and Keim, Daniel A.},
 title = {What Is the Nearest Neighbor in High Dimensional Spaces?},
 booktitle = {Proceedings of the 26th International Conference on Very Large Data Bases},
 series = {VLDB '00},
 year = {2000},
 isbn = {1-55860-715-3},
 pages = {506--515},
 numpages = {10},
 acmid = {671675},
 publisher = {Morgan Kaufmann Publishers Inc.},
 address = {San Francisco, CA, USA},
} 

@inproceedings{Knorr:1997:UAM:782010.782021,
 author = {Knorr, Edwin M. and Ng, Raymond T.},
 title = {A Unified Approach for Mining Outliers},
 booktitle = {Proceedings of the 1997 Conference of the Centre for Advanced Studies on Collaborative Research},
 series = {CASCON '97},
 year = {1997},
 location = {Toronto, Ontario, Canada},
 acmid = {782021},
 publisher = {IBM Press},
} 

@INPROCEEDINGS{Aggarwal01onthe,
    author = {Charu C. Aggarwal and Alexander Hinneburg and Daniel A. Keim},
    title = {On the Surprising Behavior of Distance Metrics in High Dimensional Space},
    booktitle = {Lecture Notes in Computer Science},
    year = {2001},
    pages = {420--434},
    publisher = {Springer}
}


@incollection{meaningnearestneighbour,
year={1999},
isbn={978-3-540-65452-0},
booktitle={Database Theory — ICDT’99},
volume={1540},
series={Lecture Notes in Computer Science},
editor={Beeri, Catriel and Buneman, Peter},
doi={10.1007/3-540-49257-7_15},
title={When Is “Nearest Neighbor” Meaningful?},
publisher={Springer Berlin Heidelberg},
author={Beyer, Kevin and Goldstein, Jonathan and Ramakrishnan, Raghu and Shaft, Uri},
pages={217-235},
language={English}
}


@article{Rousseeuw:1999:FAM:331435.331458,
 author = {Rousseeuw, Peter J. and Driessen, Katrien Van},
 title = {A Fast Algorithm for the Minimum Covariance Determinant Estimator},
 journal = {Technometrics},
 issue_date = {Aug. 1999},
 volume = {41},
 number = {3},
 month = aug,
 year = {1999},
 issn = {0040-1706},
 pages = {212--223},
 numpages = {12},
 doi = {10.2307/1270566},
 acmid = {331458},
 publisher = {American Society for Quality Control and American Statistical Association},
 address = {Alexandria, Va, USA},
 keywords = {breakdown value, multivariate location and scatter, outlier detection, regression, robust estimation},
} 


@article{Hadi2009,
  year  = {2009},
  month = {jul},
  publisher = {Wiley-Blackwell},
  volume = {1},
  number = {1},
  pages = {57--70},
  author = {Ali S. Hadi and A. H. M. Rahmatullah Imon and Mark Werner},
  title = {Detection of outliers},
  journal = {Wiley Interdisciplinary Reviews: Computational Statistics}
}

@INPROCEEDINGS{Knorr97aunified,
    author = {Knorr, E.M. and Ng, R.T.},
    title = {A Unified Notion of Outliers: Properties and Computation},
    booktitle = {In Proc. of the International Conference on Knowledge Discovery and Data Mining},
    year = {1997},
    pages = {219--222},
    publisher = {AAAI Press}
}

@MISC {Knorr00distance-basedoutliers,
    author = "Knorr, E.M. and Ng, R.T. and Tucakov, V.",
    title  = "Distance-Based Outliers: Algorithms and Applications",
    year   = "2000"
}


@INPROCEEDINGS{4053049, 
author={Jing Gao and Pang-Ning Tan}, 
booktitle={Data Mining, 2006. ICDM '06. Sixth International Conference on}, 
title={Converting Output Scores from Outlier Detection Algorithms into Probability Estimates}, 
year={2006}, 
month={Dec}, 
pages={212-221}, 
doi={10.1109/ICDM.2006.43}, 
ISSN={1550-4786}
}

@INPROCEEDINGS{Beyer99whenis,
    author = {Kevin Beyer and Jonathan Goldstein and Raghu Ramakrishnan and Uri Shaft},
    title = {When Is "Nearest Neighbor" Meaningful?},
    booktitle = {In Int. Conf. on Database Theory},
    year = {1999},
    pages = {217--235}
}

@INPROCEEDINGS {Breunig:2000:LID:342009.335388,
    author    = "Breunig, M.M. and Kriegel, H.P and Ng, R.T. and Sander, J.",
    title     = "LOF: Identifying Density-based Local Outliers",
    booktitle = "Proceedings of the 2000 ACM SIGMOD International Conference on Management of Data",
    year      = "2000",
    series    = "SIGMOD '00",
    pages     = "93--104",
    address   = "New York, NY, USA",
    publisher = "ACM",
    isbn      = "1581132174",
    location  = "Dallas, Texas, USA",
    numpages  = "12",
    acmid     = "335388",
    keywords  = "database mining, outlier detection"
}

@ARTICLE {Breunig:2000:LID:335191.335388,
    author     = "Breunig, M.M. and Kriegel, H.P and Ng, R.T. and Sander, J.",
    title      = "LOF: Identifying Density-based Local Outliers",
    journal    = "SIGMOD Rec.",
    year       = "2000",
    volume     = "29",
    number     = "2",
    pages      = "93--104",
    month      = "may",
    issue_date = "June 2000",
    issn       = "0163-5808",
    numpages   = "12",
    acmid      = "335388",
    publisher  = "ACM",
    address    = "New York, NY, USA",
    keywords   = "database mining, outlier detection"
}
@INPROCEEDINGS {Aggarwal:2003:FCE:1315451.1315460,
    author    = "Aggarwal, C.C. and Han, J. and Wang, J. and Yu, P.S.",
    title     = "A Framework for Clustering Evolving Data Streams",
    booktitle = "Proceedings of the 29th International Conference on Very Large Data Bases",
    year      = "2003",
    volume    = "29",
    series    = "VLDB '03",
    pages     = "81--92",
    publisher = "VLDB Endowment",
    isbn      = "0127224424",
    location  = "Berlin, Germany",
    numpages  = "12",
    acmid     = "1315460"
}
@INPROCEEDINGS {Manku:2002:AFC:1287369.1287400,
    author    = "Manku, G.S. and Motwani, R.",
    title     = "Approximate Frequency Counts over Data Streams",
    booktitle = "Proceedings of the 28th International Conference on Very Large Data Bases",
    year      = "2002",
    series    = "VLDB '02",
    pages     = "346--357",
    publisher = "VLDB Endowment",
    location  = "Hong Kong, China",
    numpages  = "12",
    acmid     = "1287400"
}


@ARTICLE {fisher,
    author    = "Fisher, R.A.",
    title     = "The use of multiple measurements in taxonomic problems",
    journal   = "Annals of Eugenics",
    year      = "1936",
    volume    = "7",
    number    = "2",
    pages     = "179--188"
}

@ARTICLE {Guha:2003:CDS:776752.776777,
    author    = "Guha, S. and Meyerson, A. and Mishra, N. and Motwani, R. and O'Callaghan, L.",
    title     = "Clustering Data Streams: Theory and Practice",
    journal   = "IEEE Trans. on Knowl. and Data Eng.",
    year      = "2003",
    volume    = "15",
    number    = "3",
    pages     = "515--528",
    month     = "mar",
    issn      = "1041-4347",
    numpages  = "14",
    acmid     = "776777",
    publisher = "IEEE Educational Activities Department",
    address   = "Piscataway, NJ, USA",
    keywords  = "Clustering, data streams, approximation algorithms."
}
@INPROCEEDINGS {6019867,
    author    = "Amini, A. and Teh, Y.W. and Saybani, M.R. and Yazdi, S.R.A.S.",
    title     = "A study of density-grid based clustering algorithms on data streams",
    booktitle = "Fuzzy Systems and Knowledge Discovery (FSKD), 2011 Eighth International Conference on",
    year      = "2011",
    volume    = "3",
    pages     = "1652-1656",
    month     = "July"
}
@INPROCEEDINGS {Domingos:2000:MHD:347090.347107,
    author    = "Domingos, P. and Hulten, G.",
    title     = "Mining High-speed Data Streams",
    booktitle = "Proceedings of the Sixth ACM SIGKDD International Conference on Knowledge Discovery and Data Mining",
    year      = "2000",
    series    = "KDD '00",
    pages     = "71--80",
    address   = "New York, NY, USA",
    publisher = "ACM",
    isbn      = "1581132336",
    location  = "Boston, Massachusetts, USA",
    numpages  = "10",
    acmid     = "347107",
    keywords  = "Hoeffding bounds, decision trees, disk-based algorithms, incremental learning, subsampling"
}

@INPROCEEDINGS{Knorr98algorithmsfor,
    author = {Edwin M. Knorr and Raymond T. Ng},
    title = {Algorithms for Mining Distance-Based Outliers in Large Datasets},
    booktitle = {},
    year = {1998},
    pages = {392--403}
}

@INPROCEEDINGS {Charikar:2003:BSA:780542.780548,
    author    = "Charikar, M. and O'Callaghan, L. and Panigrahy, R.",
    title     = "Better Streaming Algorithms for Clustering Problems",
    booktitle = "Proceedings of the Thirty-fifth Annual ACM Symposium on Theory of Computing",
    year      = "2003",
    series    = "STOC '03",
    pages     = "30--39",
    address   = "New York, NY, USA",
    publisher = "ACM",
    isbn      = "1581136749",
    location  = "San Diego, CA, USA",
    numpages  = "10",
    acmid     = "780548",
    keywords  = "clustering, k-median, streaming algorithm"
}
@ARTICLE {highdimensional,
    author    = "Aggarwal, C.C. and Han, J. and Wang, K. and Yu, P.S.",
    title     = "On High Dimensional Projected Clustering of Data Streams",
    journal   = "Data Mining and Knowledge Discovery",
    year      = "2005",
    volume    = "10",
    number    = "3",
    pages     = "251--273",
    issn      = "1384-5810",
    publisher = "Kluwer Academic Publishers",
    keywords  = "high dimensional; projected clustering; data streams",
    language  = "English"
}




@INPROCEEDINGS {Aggarwal:2004:FPC:1316689.1316763,
    author    = "Aggarwal, C.C. and Han, J. and Wang, J. and Yu, P.S.",
    title     = "A Framework for Projected Clustering of High Dimensional Data Streams",
    booktitle = "Proceedings of the Thirtieth International Conference on Very Large Data Bases - Volume 30",
    year      = "2004",
    series    = "VLDB '04",
    pages     = "852--863",
    publisher = "VLDB Endowment",
    isbn      = "0120884690",
    location  = "Toronto, Canada",
    numpages  = "12",
    acmid     = "1316763"
}
@INCOLLECTION {anytime,
    author    = "Assent, I. and Kranen, P. and Baldauf, C. and Seidl, T.",
    title     = "AnyOut: Anytime Outlier Detection on Streaming Data",
    booktitle = "Database Systems for Advanced Applications",
    publisher = "Springer Berlin Heidelberg",
    year      = "2012",
    volume    = "7238",
    series    = "Lecture Notes in Computer Science",
    pages     = "228--242",
    isbn      = "9783642290374",
    language  = "English"
}
@BOOK {1558609016,
    author    = "Han, J. and Kamber, M. and Pei, J.",
    title     = "Data Mining: Concepts and Techniques, Second Edition (The Morgan Kaufmann Series in Data Management Systems)",
    publisher = "Morgan Kaufmann",
    year      = "2006",
    isbn      = "1558609016"
}
@ARTICLE {tracking,
    author    = "Zhou, A. and Cao, F. and Qian, W. and Jin, C.",
    title     = "Tracking clusters in evolving data streams over sliding windows",
    journal   = "Knowledge and Information Systems",
    year      = "2008",
    volume    = "15",
    number    = "2",
    pages     = "181--214",
    issn      = "0219-1377",
    publisher = "Springer-Verlag",
    keywords  = "Cluster tracking; Evolving; Data streams; Sliding windows",
    language  = "English"
}
@INPROCEEDINGS {Datar02estimatingrarity,
    author    = "Datar, M. and Muthukrishnan, S.",
    title     = "Estimating Rarity and Similarity over Data Stream Windows",
    booktitle = "In Proceedings of 10th Annual European Symposium on Algorithms, volume 2461 of Lecture Notes in Computer Science",
    year      = "2002",
    pages     = "323--334"
}
@INPROCEEDINGS {cherniack2003scalable,
    author    = "Cherniack, M. and Balakrishnan, H. and Balazinska, M. and Carney, D. and Cetintemel, U. and Xing, Y. and Zdonik, S.",
    title     = "Scalable Distributed Stream Processing",
    booktitle = "CIDR 2003 - First Biennial Conference on Innovative Data Systems Research",
    year      = "2003",
    address   = "Asilomar, CA",
    month     = "1"
}
@ARTICLE {Golab:2003:IDS:776985.776986,
    author     = "Golab, L. and Ozsu, M.T.",
    title      = "Issues in Data Stream Management",
    journal    = "SIGMOD Rec.",
    year       = "2003",
    volume     = "32",
    number     = "2",
    pages      = "5--14",
    month      = "jun",
    issue_date = "June 2003",
    issn       = "0163-5808",
    numpages   = "10",
    acmid      = "776986",
    publisher  = "ACM",
    address    = "New York, NY, USA"
}
@article{Grubbs1969,
  year  = {1969},
  month = {feb},
  publisher = {Informa {UK} Limited},
  volume = {11},
  number = {1},
  pages = {1--21},
  author = {Grubbs, F.E.},
  title = {Procedures for Detecting Outlying Observations in Samples},
  journal = {Technometrics}
}


@inproceedings{Kriegel:2009:LLO:1645953.1646195,
 author = {Kriegel, Hans-Peter and Kr\"{o}ger, Peer and Schubert, Erich and Zimek, Arthur},
 title = {LoOP: Local Outlier Probabilities},
 booktitle = {Proceedings of the 18th ACM Conference on Information and Knowledge Management},
 series = {CIKM '09},
 year = {2009},
 isbn = {978-1-60558-512-3},
 location = {Hong Kong, China},
 pages = {1649--1652},
 numpages = {4},
 doi = {10.1145/1645953.1646195},
 acmid = {1646195},
 publisher = {ACM},
 address = {New York, NY, USA},
 keywords = {outlier detection},
} 


@INPROCEEDINGS {Garofalakis:2002:QMD:564691.564794,
    author    = "Garofalakis, M. and Gehrke, J. and Rastogi, R.",
    title     = "Querying and Mining Data Streams: You Only Get One Look",
    booktitle = "Proceedings of the 2002 ACM SIGMOD International Conference on Management of Data",
    year      = "2002",
    series    = "SIGMOD '02",
    pages     = "635--635",
    address   = "New York, NY, USA",
    publisher = "ACM",
    isbn      = "1581134975",
    location  = "Madison, Wisconsin",
    numpages  = "1",
    acmid     = "564794"
}
@INPROCEEDINGS {densitygrid,
    author    = "Amini, A. and Teh, T. W.",
    title     = "DENGRIS-Stream: A Density-Grid based Clustering Algorithm for Evolving Data Streams over Sliding Window",
    booktitle = "International Conference on Data Mining and Computer Engineering",
    year      = "2012",
    pages     = "206-211",
    language  = "English"
}

@article{cobweb
    year={1987},
    issn={0885-6125},
    journal={Machine Learning},
    volume={2},
    number={2},
    doi={10.1023/A:1022852608280},
    title={Knowledge Acquisition Via Incremental Conceptual Clustering},
    publisher={Kluwer Academic Publishers-Plenum Publishers},
    keywords={Conceptual clustering; concept formation; incremental learning; inference; hill climbing},
    author={Fisher, DouglasH.},
    pages={139-172},
    language={English}
}

@article{Blei:2003:LDA:944919.944937,
 author = {Blei, David M. and Ng, Andrew Y. and Jordan, Michael I.},
 title = {Latent Dirichlet Allocation},
 journal = {J. Mach. Learn. Res.},
 issue_date = {3/1/2003},
 volume = {3},
 month = mar,
 year = {2003},
 issn = {1532-4435},
 pages = {993--1022},
 numpages = {30},
 acmid = {944937},
 publisher = {JMLR.org},
} 

@MISC{poweriteration,
    author = {Frank Lin and William W. Cohen},
    title = {Power Iteration Clustering},
    year = {2010}
}

@ARTICLE{Dempster77maximumlikelihood,
    author = {A. P. Dempster and N. M. Laird and D. B. Rubin},
    title = {Maximum likelihood from incomplete data via the EM algorithm},
    journal = {JOURNAL OF THE ROYAL STATISTICAL SOCIETY, SERIES B},
    year = {1977},
    volume = {39},
    number = {1},
    pages = {1--38}
}

@article{Lloyd:2006:LSQ:2263356.2269955,
 author = {Lloyd, S.},
 title = {Least Squares Quantization in PCM},
 journal = {IEEE Trans. Inf. Theor.},
 issue_date = {March 1982},
 volume = {28},
 number = {2},
 month = sep,
 year = {2006},
 issn = {0018-9448},
 pages = {129--137},
 numpages = {9},
 doi = {10.1109/TIT.1982.1056489},
 acmid = {2269955},
 publisher = {IEEE Press},
 address = {Piscataway, NJ, USA},
} 

@article{JMLR:v16:morales15a,
  author  = {Gianmarco De Francisci Morales and Albert Bifet},
  title   = {SAMOA: Scalable Advanced Massive Online Analysis},
  journal = {Journal of Machine Learning Research},
  year    = {2015},
  volume  = {16},
  pages   = {149-153}
}

@inproceedings{Fisher:1987:IIT:1863766.1863779,
 author = {Fisher, Douglas},
 title = {Improving Inference Through Conceptual Clustering},
 booktitle = {Proceedings of the Sixth National Conference on Artificial Intelligence - Volume 2},
 series = {AAAI'87},
 year = {1987},
 isbn = {0-934613-42-7},
 location = {Seattle, Washington},
 pages = {461--465},
 numpages = {5},
 acmid = {1863779},
 publisher = {AAAI Press},
} 

@INPROCEEDINGS {Chen:2007:DCR:1281192.1281210,
    author    = "Chen, Y. and Tu, L.",
    title     = "Density-based Clustering for Real-time Stream Data",
    booktitle = "Proceedings of the 13th ACM SIGKDD International Conference on Knowledge Discovery and Data Mining",
    year      = "2007",
    series    = "KDD '07",
    pages     = "133--142",
    address   = "New York, NY, USA",
    publisher = "ACM",
    isbn      = "9781595936097",
    location  = "San Jose, California, USA",
    numpages  = "10",
    acmid     = "1281210",
    keywords  = "d-stream, density-based clustering, sporadic grids, stream data mining"
}
@ARTICLE {DBLP:journals/corr/abs-1006-5261,
    author  = "Khalilian, M. and Mustapha, N.",
    title   = "Data Stream Clustering: Challenges and Issues",
    journal = "CoRR",
    year    = "2010",
    volume  = "abs/1006.5261"
}
@INPROCEEDINGS {989516,
    author    = "Guralnik, V. and Karypis, G.",
    title     = "A scalable algorithm for clustering sequential data",
    booktitle = "Data Mining, 2001. ICDM 2001, Proceedings IEEE International Conference on",
    year      = "2001",
    pages     = "179-186"
}

@article{Barbara:2002:RCD:507515.507519,
 author = {Barbar\'{a}, Daniel},
 title = {Requirements for Clustering Data Streams},
 journal = {SIGKDD Explor. Newsl.},
 issue_date = {January 2002},
 volume = {3},
 number = {2},
 month = jan,
 year = {2002},
 issn = {1931-0145},
 pages = {23--27},
 numpages = {5},
 doi = {10.1145/507515.507519},
 acmid = {507519},
 publisher = {ACM},
 address = {New York, NY, USA},
 keywords = {Data streams, clustering, outliers, tracking changing models},
} 

@article{Ackermann:2012:SCA:2133803.2184450,
 author = {Ackermann, Marcel R. and M\"{a}rtens, Marcus and Raupach, Christoph and Swierkot, Kamil and Lammersen, Christiane and Sohler, Christian},
 title = {StreamKM++: A Clustering Algorithm for Data Streams},
 journal = {J. Exp. Algorithmics},
 issue_date = {2012},
 volume = {17},
 month = may,
 year = {2012},
 issn = {1084-6654},
 pages = {2.4:2.1--2.4:2.30},
 articleno = {2.4},
 numpages = {1.2},
 doi = {10.1145/2133803.2184450},
 acmid = {2184450},
 publisher = {ACM},
 address = {New York, NY, USA}
} 

@book{Kantardzic:2002:DMC:581837,
 author = {Kantardzic, Mehmed},
 title = {Data Mining: Concepts, Models, Methods and Algorithms},
 year = {2002},
 isbn = {0471228524},
 publisher = {John Wiley \& Sons, Inc.},
 address = {New York, NY, USA},
} 

@article{overviewsurvey,
year={2004},
issn={0269-2821},
journal={Artificial Intelligence Review},
volume={22},
number={2},
doi={10.1007/s10462-004-4304-y},
title={A Survey of Outlier Detection Methodologies},
publisher={Kluwer Academic Publishers},
keywords={anomaly; detection; deviation; noise; novelty; outlier; recognition},
author={Hodge, VictoriaJ. and Austin, Jim},
pages={85-126},
language={English}
}

@inproceedings{Kriegel:2008:AOD:1401890.1401946,
 author = {Kriegel, Hans-Peter and S hubert, Matthias and Zimek, Arthur},
 title = {Angle-based Outlier Detection in High-dimensional Data},
 booktitle = {Proceedings of the 14th ACM SIGKDD International Conference on Knowledge Discovery and Data Mining},
 series = {KDD '08},
 year = {2008},
 isbn = {978-1-60558-193-4},
 location = {Las Vegas, Nevada, USA},
 pages = {444--452},
 numpages = {9},
 doi = {10.1145/1401890.1401946},
 publisher = {ACM},
 address = {New York, NY, USA},
} 


@misc{citeulike:1156150,
    author = {Papadimitriou, S. and Kitagawa, H. and Gibbons, P. and Faloutsos, C.},
    posted-at = {2007-03-12 21:57:26},
    priority = {3},
    title = {{LOCI: Fast outlier detection using the local correlation integral}},
    year = {2003}
}


@INPROCEEDINGS{John95robustdecision,
    author = {George H. John},
    title = {Robust Decision Trees: Removing Outliers from Databases},
    booktitle = {Knowledge Discovery and Data Mining},
    year = {1995},
    pages = {174--179},
    publisher = {AAAI Press}
}

@online{Zaiane99introductionto,
    author = {Osmar R. Zaiane},
    title = {Introduction to Data Mining},
    url = {http://webdocs.cs.ualberta.ca/~zaiane/courses/cmput690/notes/Chapter1/},
    year = {1999}
}

@article{Guha:1998:CEC:276305.276312,
 author = {Guha, Sudipto and Rastogi, Rajeev and Shim, Kyuseok},
 title = {CURE: An Efficient Clustering Algorithm for Large Databases},
 journal = {SIGMOD Rec.},
 issue_date = {June 1998},
 volume = {27},
 number = {2},
 month = jun,
 year = {1998},
 issn = {0163-5808},
 pages = {73--84},
 numpages = {12},
 doi = {10.1145/276305.276312},
 acmid = {276312},
 publisher = {ACM},
 address = {New York, NY, USA},
} 

@article{Guttman:1984:RDI:971697.602266,
 author = {Guttman, Antonin},
 title = {R-trees: A Dynamic Index Structure for Spatial Searching},
 journal = {SIGMOD Rec.},
 issue_date = {June 1984},
 volume = {14},
 number = {2},
 month = jun,
 year = {1984},
 issn = {0163-5808},
 pages = {47--57},
 numpages = {11},
 doi = {10.1145/971697.602266},
 acmid = {602266},
 publisher = {ACM},
 address = {New York, NY, USA},
} 

@inproceedings{Guha:1998:CEC:276304.276312,
 author = {Guha, Sudipto and Rastogi, Rajeev and Shim, Kyuseok},
 title = {CURE: An Efficient Clustering Algorithm for Large Databases},
 booktitle = {Proceedings of the 1998 ACM SIGMOD International Conference on Management of Data},
 series = {SIGMOD '98},
 year = {1998},
 isbn = {0-89791-995-5},
 location = {Seattle, Washington, USA},
 pages = {73--84},
 numpages = {12},
 doi = {10.1145/276304.276312},
 acmid = {276312},
 publisher = {ACM},
 address = {New York, NY, USA},
} 

@incollection{rog,
year={2006},
isbn={978-3-540-33206-0},
booktitle={Advances in Knowledge Discovery and Data Mining},
volume={3918},
series={Lecture Notes in Computer Science},
editor={Ng, Wee-Keong and Kitsuregawa, Masaru and Li, Jianzhong and Chang, Kuiyu},
doi={10.1007/11731139_66},
title={A Nonparametric Outlier Detection for Effectively Discovering Top-N Outliers from Engineering Data},
publisher={Springer Berlin Heidelberg},
author={Fan, Hongqin and Zaïane, OsmarR. and Foss, Andrew and Wu, Junfeng},
pages={557-566},
language={English}
}

@MISC{Wolpert95nofree,
    author = {David H. Wolpert and William G. Macready},
    title = {No Free Lunch Theorems for Search},
    year = {1995}
}

@incollection{NIPS20022276,
title = {Stochastic Neighbor Embedding},
author = {Geoffrey E. Hinton and Sam T. Roweis},
booktitle = {Advances in Neural Information Processing Systems 15},
editor = {S. Becker and S. Thrun and K. Obermayer},
pages = {857--864},
year = {2003},
publisher = {MIT Press}
}

@article{MSU:CSE:00:2,
  author =        {J.H.M. Janssens, F. Huszar, E.O. Postma, and H.J. van den Herik},
  title =         {Stochastic Outlier Selection},
  number =        {TiCC TR 2012-001},
  institution =   {Tilburg University},
  address =       {Tilburg, The Netherlands},
  year =         {2012}
}

@article{van2008visualizing,
  title={Visualizing data using t-SNE},
  author={van der Maaten, Laurens and Hinton, Geoffrey},
  journal={The Journal of Machine Learning Research},
  volume={9},
  number={2579-2605},
  pages={85},
  year={2008}
}

@incollection{NIPS2004_2566,
title = {Neighbourhood Components Analysis},
author = {Jacob Goldberger and Geoffrey E. Hinton and Sam T. Roweis and Salakhutdinov, Ruslan R},
booktitle = {Advances in Neural Information Processing Systems 17},
editor = {L.K. Saul and Y. Weiss and L. Bottou},
pages = {513--520},
year = {2005},
publisher = {MIT Press},
url = {http://papers.nips.cc/paper/2566-neighbourhood-components-analysis.pdf}
}

@inproceedings{Chen:2009:UTI:1592681.1592693,
 author = {Chen, Yanpei and Griffith, Rean and Liu, Junda and Katz, Randy H. and Joseph, Anthony D.},
 title = {Understanding TCP Incast Throughput Collapse in Datacenter Networks},
 booktitle = {Proceedings of the 1st ACM Workshop on Research on Enterprise Networking},
 series = {WREN '09},
 year = {2009},
 isbn = {978-1-60558-443-0},
 location = {Barcelona, Spain},
 pages = {73--82},
 numpages = {10},
 doi = {10.1145/1592681.1592693},
 acmid = {1592693},
 publisher = {ACM},
 address = {New York, NY, USA},
 keywords = {TCP, incast, throughput collapse, unix},
} 

@INPROCEEDINGS{Ester96adensity-based,
    author = {Martin Ester and Hans-peter Kriegel and Jörg S and Xiaowei Xu},
    title = {A density-based algorithm for discovering clusters in large spatial databases with noise},
    booktitle = {},
    year = {1996},
    pages = {226--231},
    publisher = {AAAI Press}
}

@article{Wan:2009:DCD:1552303.1552307,
 author = {Wan, Li and Ng, Wee Keong and Dang, Xuan Hong and Yu, Philip S. and Zhang, Kuan},
 title = {Density-based Clustering of Data Streams at Multiple Resolutions},
 journal = {ACM Trans. Knowl. Discov. Data},
 issue_date = {July 2009},
 volume = {3},
 number = {3},
 month = jul,
 year = {2009},
 issn = {1556-4681},
 pages = {14:1--14:28},
 articleno = {14},
 numpages = {28},
 doi = {10.1145/1552303.1552307},
 acmid = {1552307},
 publisher = {ACM},
 address = {New York, NY, USA},
 keywords = {Data mining algorithms, density based clustering, evolving data streams},
} 



@article{Markou20032499,
title = "Novelty detection: a review—part 2:: neural network based approaches",
journal = "Signal Processing ",
volume = "83",
number = "12",
pages = "2499 - 2521",
year = "2003",
note = "",
issn = "0165-1684",
doi = "http://dx.doi.org/10.1016/j.sigpro.2003.07.019",
author = "Markos Markou and Sameer Singh"
}

@inproceedings{Tang:2002:EEO:646420.693665,
 author = {Tang, Jian and Chen, Zhixiang and Fu, Ada Wai-Chee and Cheung, David Wai-Lok},
 title = {Enhancing Effectiveness of Outlier Detections for Low Density Patterns},
 booktitle = {Proceedings of the 6th Pacific-Asia Conference on Advances in Knowledge Discovery and Data Mining},
 series = {PAKDD '02},
 year = {2002},
 isbn = {3-540-43704-5},
 pages = {535--548},
 numpages = {14},
 acmid = {693665},
 publisher = {Springer-Verlag},
 address = {London, UK, UK},
} 

@INPROCEEDINGS{63857, 
author={Teng, H.S. and Chen, K. and Lu, S.C.}, 
booktitle={Research in Security and Privacy, 1990. Proceedings., 1990 IEEE Computer Society Symposium on}, 
title={Adaptive real-time anomaly detection using inductively generated sequential patterns}, 
year={1990}, 
month={May}, 
pages={278-284}, 
doi={10.1109/RISP.1990.63857}
}

@article{Markou20032481,
title = "Novelty detection: a review—part 1: statistical approaches ",
journal = "Signal Processing ",
volume = "83",
number = "12",
pages = "2481 - 2497",
year = "2003",
note = "",
issn = "0165-1684",
doi = "http://dx.doi.org/10.1016/j.sigpro.2003.07.018"
}
﻿@article {SPC3:SPC3353,
author = {Wood, Chantelle and Hutter, Russell R. C.},
title = {The Importance of Being Emergent: A Theoretical Exploration of Impression Formation in Novel Social Category Conjunctions},
journal = {Social and Personality Psychology Compass},
volume = {5},
number = {6},
publisher = {Blackwell Publishing Ltd},
issn = {1751-9004},
doi = {10.1111/j.1751-9004.2011.00353.x},
pages = {321--332},
year = {2011},
}



@inproceedings{Wang:1997:SSI:645923.758369,
 author = {Wang, Wei and Yang, Jiong and Muntz, Richard R.},
 title = {STING: A Statistical Information Grid Approach to Spatial Data Mining},
 booktitle = {Proceedings of the 23rd International Conference on Very Large Data Bases},
 series = {VLDB '97},
 year = {1997},
 isbn = {1-55860-470-7},
 pages = {186--195},
 numpages = {10},
 acmid = {758369},
 publisher = {Morgan Kaufmann Publishers Inc.},
 address = {San Francisco, CA, USA},
} 

@INPROCEEDINGS{4031882, 
    author={Grygorash, O. and Yan Zhou and Jorgensen, Z.}, 
    booktitle={Tools with Artificial Intelligence, 2006. ICTAI '06. 18th IEEE International Conference on}, 
    title={Minimum Spanning Tree Based Clustering Algorithms}, 
    year={2006}, 
    month={Nov}, 
    pages={73-81}, 
    keywords={edge detection;image colour analysis;pattern clustering;trees (mathematics);edge removal;image color clustering;k-means;k-partition;minimum spanning tree clustering;Clustering algorithms;Costs;Engineering drawings;Image analysis;Image color analysis;Image edge detection;Mobile computing;Partitioning algorithms;Spatial resolution;Tree graphs}, 
    doi={10.1109/ICTAI.2006.83}, 
    ISSN={1082-3409}
}

@inproceedings{Agrawal:1998:ASC:276304.276314,
 author = {Agrawal, Rakesh and Gehrke, Johannes and Gunopulos, Dimitrios and Raghavan, Prabhakar},
 title = {Automatic Subspace Clustering of High Dimensional Data for Data Mining Applications},
 booktitle = {Proceedings of the 1998 ACM SIGMOD International Conference on Management of Data},
 series = {SIGMOD '98},
 year = {1998},
 isbn = {0-89791-995-5},
 location = {Seattle, Washington, USA},
 pages = {94--105},
 numpages = {12},
 doi = {10.1145/276304.276314},
 acmid = {276314},
 publisher = {ACM},
 address = {New York, NY, USA},
} 

@article{Agrawal:1998:ASC:276305.276314,
 author = {Agrawal, Rakesh and Gehrke, Johannes and Gunopulos, Dimitrios and Raghavan, Prabhakar},
 title = {Automatic Subspace Clustering of High Dimensional Data for Data Mining Applications},
 journal = {SIGMOD Rec.},
 issue_date = {June 1998},
 volume = {27},
 number = {2},
 month = jun,
 year = {1998},
 issn = {0163-5808},
 pages = {94--105},
 numpages = {12},
 doi = {10.1145/276305.276314},
 acmid = {276314},
 publisher = {ACM},
 address = {New York, NY, USA},
} 


@article{14786448708628471,
author = { F.Y.   Edgeworth   M.A. },
title = {XLI. On discordant observations},
journal = {Philosophical Magazine Series 5},
volume = {23},
number = {143},
pages = {364-375},
year = {1887},
doi = {10.1080/14786448708628471},


}


@INPROCEEDINGS{Hinneburg99optimalgrid-clustering,
    author = {Alexander Hinneburg and Daniel A. Keim},
    title = {Optimal Grid-Clustering: Towards Breaking the Curse of Dimensionality in High-Dimensional Clustering},
    booktitle = {},
    year = {1999},
    pages = {506--517},
    publisher = {Morgan Kaufmann}
}

@article{Sheikholeslami:2000:WWC:764212.764221,
 author = {Sheikholeslami, Gholamhosein and Chatterjee, Surojit and Zhang, Aidong},
 title = {WaveCluster: A Wavelet-based Clustering Approach for Spatial Data in Very Large Databases},
 journal = {The VLDB Journal},
 issue_date = {February 2000},
 volume = {8},
 number = {3-4},
 month = feb,
 year = {2000},
 issn = {1066-8888},
 pages = {289--304},
 numpages = {16},
 doi = {10.1007/s007780050009},
 acmid = {764221},
 publisher = {Springer-Verlag New York, Inc.},
 address = {Secaucus, NJ, USA},
} 